
@article{Biorn2017,
  author = {Biørn-Hansen, A and Majchrzak, T and Grønli, T},
  title  = {Progressive Web Apps: The Possible Web-native Unifier for Mobile Development},
  year   = {2017}
}

@misc{StatCountDMT,
  author       = {{StatCounter}},
  title        = {{Desktop vs Mobile vs Tablet Market Share Worldwide}},
  howpublished = {\url{https://gs.statcounter.com/platform-market-share/desktop-mobile-tablet/worldwide/#monthly-200901-202401}},
  note         = {Online; accessed 21 March 2024}
}

@misc{NYBirthPC,
  author       = {{The New Yorker}},
  title        = {{The Birth of the Personal Computer}},
  howpublished = {\url{https://www.newyorker.com/culture/infinite-scroll/the-birth-of-the-personal-computer}},
  note         = {Online; Accessed 21 March 2024}
}

@misc{TGPCHis,
  author       = {Rodrigue, Jean-Paul},
  organization = {{Texas A&M University - Galveston}},
  title        = {{Diffusion of Personal Computing Devices, 1977-2021}},
  howpublished = {\url{https://transportgeography.org/contents/chapter1/the-setting-of-global-transportation-systems/personal-computing-devices/}},
  note         = {Online; Accessed 21 March 2024}
}

@misc{PWAShortHist,
  author       = {Russell, Alex},
  title        = {{Progressive Web Apps: Escaping Tabs Without Losing Our Soul}},
  howpublished = {\url{https://infrequently.org/2015/06/progressive-apps-escaping-tabs-without-losing-our-soul/}},
  note         = {Online; Accessed 23 March 2024}
}

@misc{WHATWGWorkers,
  author       = {{WHATWG Community}},
  title        = {{Web Workers - HTML Living Standard}},
  howpublished = {\url{https://html.spec.whatwg.org/multipage/workers.html}},
  note         = {Online; Accessed 23 March 2024}
}

@article{HaipengAndroidIncomp,
  author   = {Cai, Haipeng and Zhang, Ziyi and Li, Li and Fu, Xiaoqin},
  title    = {{A Large-Scale Study of Application Incompatibilities in Android}},
  year     = {2019},
  journal  = {{Proceedings of the 28th ACM
              SIGSOFT International Symposium on Software Testing and Analysis (ISSTA
              '19)}},
  location = {New York, NY, USA},
  pages    = {2}
}

@misc{CFRInternetIC,
  author       = {Doru, Cireasa},
  title        = {{CFR Călători are încă o tentativă de internet Wi-Fi în trenurile IC}},
  year         = {2022},
  howpublished = {\url{https://clubferoviar.ro/cfr-calatori-are-inca-o-tentativa-de-internet-wi-fi-in-trenurile-ic/}},
  note         = {Online; in Romanian; Accessed 23 March 2024}
}

@misc{GenchikPWAShowcase,
  author       = {Genchik, Joseph},
  title        = {{PWA Showcase}},
  howpublished = {\url{https://pwa-showcase.com/#/generic-welcome}},
  note         = {Online; Accessed 23 March 2024}
}

@misc{MoerkerkePWAShowcase,
  author       = {Moerkerke, Danny},
  title        = {{What PWA Can Do Today}},
  howpublished = {\url{https://whatpwacando.today/}},
  note         = {Online; Accessed 23 March 2024}
}

@misc{PWARoom,
  author       = {?},
  title        = {{Progressive Web App Room}},
  howpublished = {\url{https://progressivewebapproom.com/}},
  note         = {Online; Accessed 23 March 2024}
}

% not mine:
    
@book{Sommerville2010,
  author    = {Sommerville, Ian},
  title     = {Software Engineering},
  year      = {2010},
  isbn      = {0137035152},
  publisher = {Addison-Wesley Publishing Company},
  address   = {USA},
  edition   = {9th}
}


@inproceedings{Narayan2012,
  author    = {Ramasubbu, Narayan and Balan, Rajesh Krishna},
  title     = {Overcoming the Challenges in Cost Estimation for Distributed Software Projects},
  year      = {2012},
  isbn      = {9781467310673},
  publisher = {IEEE Press},
  booktitle = {Proceedings of the 34th International Conference on Software Engineering},
  pages     = {91–101},
  numpages  = {11},
  location  = {Zurich, Switzerland},
  series    = {ICSE '12}
}


@article{Robbes2015,
  author    = {Robbes, Romain Pierre Julien and Röthlisberger, D and Tanter, É},
  issn      = {1382-3256},
  journal   = {Empirical Software Engineering},
  keywords  = {Data extensions},
  language  = {eng},
  number    = {3},
  volume    = {20},
  publisher = {Kluwer Academic Publishers},
  title     = {Object-oriented software extensions in practice},
  year      = {2015}
}

@misc{kinaSUR,
  author       = {{Ministry for Primary Industries}},
  title        = {{Kina sea urchin regions in NZ}},
  howpublished = {\url{http://fs.fish.govt.nz/Page.aspx?pk=7\&sc=SUR}},
  note         = {Online; accessed 29 January 2014}
}
 

@mastersthesis{mastersthesis1993,
  author  = {Peter Harwood},
  title   = {The title of the work},
  school  = {The school of the thesis},
  year    = 1993,
  address = {The address of the publisher},
  month   = 7,
  note    = {An optional note}
}

@phdthesis{phdthesis1993,
  author  = {Peter Joslin},
  title   = {The title of the work},
  school  = {The school of the thesis},
  year    = 1993,
  address = {The address of the publisher},
  month   = 7,
  note    = {An optional note}
}
